@BOOK{smith_study_03,
  title = {An amazing study of small ignored things},
  publisher = {Endemic Press},
  year = {2003},
  author = {John Smith},
  address = {San Diego, California, USA}
}

@ARTICLE{wesson_project_99,
  author = {Adam Wesson and Truc B. Much and Who Notsoimportant},
  title = {Let things be -- an important lesson},
  journal = {Conversation Biology},
  year = {1999},
  volume = {19},
  pages = {826--835}
}